<?xml version="1.0" encoding="UTF-8"?>
<collection xmlns:xsi="http://www.w3.org/2001/XMLSchema-instance" xsi:schemaLocation="http://www.loc.gov/MARC21/slim http://www.loc.gov/standards/marcxml/schema/MARC21slim.xsd" xmlns="http://www.loc.gov/MARC21/slim">
<record>
  <leader>00695cam a22002051  4500</leader>
  <controlfield tag="001">3121261</controlfield>
  <controlfield tag="003">NNC</controlfield>
  <controlfield tag="005">20130426022530.0</controlfield>
  <controlfield tag="008">011023s1891    ua            000 0 ara d</controlfield>
  <datafield tag="035" ind1=" " ind2=" ">
    <subfield code="a">(OCoLC)ocm48197075</subfield>
  </datafield>
  <datafield tag="035" ind1=" " ind2=" ">
    <subfield code="9">ATV3481CU</subfield>
  </datafield>
  <datafield tag="035" ind1=" " ind2=" ">
    <subfield code="a">(NNC)3121261</subfield>
  </datafield>
  <datafield tag="040" ind1=" " ind2=" ">
    <subfield code="a">ZCU</subfield>
    <subfield code="c">ZCU</subfield>
  </datafield>
  <datafield tag="099" ind1=" " ind2=" ">
    <subfield code="a">893.7K84</subfield>
    <subfield code="a">DT7</subfield>
  </datafield>
  <datafield tag="100" ind1="1" ind2=" ">
    <subfield code="a">Ṭuwayrānī, Ḥasan Ḥusnī ibn Ḥusayn,</subfield>
    <subfield code="d">1849 or 1850-1897 or 1898.</subfield>
  </datafield>
  <datafield tag="245" ind1="1" ind2="0">
    <subfield code="a">Kitāb Dalīl ahl al-īmān fī siḥḥat al-Qurʾān,</subfield>
    <subfield code="c">athar Ḥasan Ḥusnī al-Tuwayrānī.</subfield>
  </datafield>
  <datafield tag="260" ind1=" " ind2=" ">
    <subfield code="a">Miṣr,</subfield>
    <subfield code="b">maṭbaʻat ʹal-Nilʹ,</subfield>
    <subfield code="c">1309 [1891]</subfield>
  </datafield>
  <datafield tag="300" ind1=" " ind2=" ">
    <subfield code="a">32 p.</subfield>
  </datafield>
  <datafield tag="500" ind1=" " ind2=" ">
    <subfield code="a">"Al-tabʻah al-ūlā, muntakhabah min Jarīdat ʹal-Nilʹ."</subfield>
  </datafield>
  <datafield tag="955" ind1=" " ind2=" ">
    <subfield code="b">CU58923691</subfield>
    <subfield code="d">off,glx</subfield>
    <subfield code="e">893.7K84 DT7</subfield>
  </datafield>
</record>
</collection>